<record><leader>00000cas a22000007a 4500</leader><controlfield tag="001">27153859</controlfield><controlfield tag="008">921221d19501952njuwr ne      0    0eng d</controlfield><datafield ind1=" " ind2=" " tag="010"><subfield code="a">sn 92059973 </subfield></datafield><datafield ind1=" " ind2=" " tag="040"><subfield code="a">NJW</subfield><subfield code="b">eng</subfield><subfield code="c">NJW</subfield><subfield code="d">OCLCQ</subfield></datafield><datafield ind1="0" ind2="0" tag="245"><subfield code="a">Providence Heights dispatch.</subfield></datafield><datafield ind1=" " ind2=" " tag="260"><subfield code="a">Berkeley Heights, N.J. :</subfield><subfield code="b">Willard I. Rogers</subfield></datafield><datafield ind1=" " ind2=" " tag="300"><subfield code="a">v.</subfield></datafield><datafield ind1=" " ind2=" " tag="310"><subfield code="a">Weekly,</subfield><subfield code="b">&lt;Aug. 30, 1951-Apr. 16, 1952&gt;</subfield></datafield><datafield ind1=" " ind2=" " tag="321"><subfield code="a">Monthly, Oct.-&lt;Dec.&gt;,</subfield><subfield code="b">1950</subfield></datafield><datafield ind1=" " ind2=" " tag="321"><subfield code="a">Biweekly, -&lt;Aug. 16,</subfield><subfield code="b">1951&gt;</subfield></datafield><datafield ind1="1" ind2=" " tag="362"><subfield code="a">Began in Oct. 1950.</subfield></datafield><datafield ind1="0" ind2=" " tag="362"><subfield code="a">-v. 2, no. 29 (Apr. 16, 1952).</subfield></datafield><datafield ind1=" " ind2=" " tag="588"><subfield code="a">Description based on: Vol. 1, no. 2 (Nov. 1950).</subfield></datafield><datafield ind1=" " ind2=" " tag="752"><subfield code="a">United States</subfield><subfield code="b">New Jersey</subfield><subfield code="c">Union</subfield><subfield code="d">Berkeley Heights.</subfield></datafield><datafield ind1=" " ind2=" " tag="752"><subfield code="a">United States</subfield><subfield code="b">New Jersey</subfield><subfield code="c">Union</subfield><subfield code="d">New Providence.</subfield></datafield><datafield ind1="0" ind2="0" tag="785"><subfield code="t">Dispatch of New Providence and Berkeley Heights</subfield><subfield code="w">(DLC)sn 92050070</subfield><subfield code="w">(OCoLC)27083699</subfield></datafield></record>